@inproceedings{Schaub2008,
address = {Honolulu, Hawaii},
author = {Schaub, Hanspeter},
booktitle = {AIAA/AAS Astrodynamics Specialist Conference},
file = {:C$\backslash$:/Users/Dmitriy/Documents/GitHub/Cubesat-Optimal-Control/papers/Schaub2008b.pdf:pdf},
title = {{AIAA 2008-6259 Locally Power-Optimal Spacecraft Attitude Control for Redundant Reaction Wheel Cluster}},
year = {2008}
}

@techreport{Marsh2015,
author = {Marsh, Harleigh and Gong, Qi and Karpenko, Mark},
title = {Minimum Energy Attitude Control},
institution = {Naval Postgraduate School}
}